<record><leader>00000cas a2200000 a 4500</leader><controlfield tag="001">19168406</controlfield><controlfield tag="007">hg aou---bncn</controlfield><controlfield tag="008">890210d17661782nyuwr nec     0   a0eng c</controlfield><datafield ind1=" " ind2=" " tag="010"><subfield code="a">  2008257059</subfield></datafield><datafield ind1=" " ind2=" " tag="040"><subfield code="a">CFS</subfield><subfield code="b">eng</subfield><subfield code="c">CFS</subfield><subfield code="d">OCL</subfield><subfield code="d">OCLCQ</subfield><subfield code="d">INU</subfield><subfield code="d">OCLCQ</subfield><subfield code="d">UKMGB</subfield><subfield code="d">OCLCQ</subfield><subfield code="d">OCLCF</subfield><subfield code="d">OCLCA</subfield><subfield code="d">OCLCO</subfield></datafield><datafield ind1="7" ind2=" " tag="016"><subfield code="a">013914251</subfield><subfield code="2">Uk</subfield></datafield><datafield ind1=" " ind2=" " tag="019"><subfield code="a">19201246</subfield><subfield code="a">57442249</subfield><subfield code="a">60572016</subfield></datafield><datafield ind1="1" ind2=" " tag="029"><subfield code="a">AU@</subfield><subfield code="b">000006919799</subfield></datafield><datafield ind1=" " ind2=" " tag="042"><subfield code="a">pcc</subfield></datafield><datafield ind1=" " ind2=" " tag="043"><subfield code="a">n-us-ny</subfield></datafield><datafield ind1=" " ind2="4" tag="050"><subfield code="a">AN38.N3</subfield><subfield code="b">N4352</subfield></datafield><datafield ind1="0" ind2="4" tag="245"><subfield code="a">The New-York journal, or, General advertiser</subfield><subfield code="h">[microform].</subfield></datafield><datafield ind1="3" ind2="0" tag="246"><subfield code="a">General advertiser</subfield></datafield><datafield ind1="1" ind2=" " tag="246"><subfield code="i">Issues for Mar. 19, 1767-Aug. 29, 1776 published as:</subfield><subfield code="a">New-York journal, or, The general advertiser</subfield></datafield><datafield ind1="1" ind2=" " tag="246"><subfield code="i">Issues for July 7, 1777-Jan. 6, 1782 published as:</subfield><subfield code="a">New-York journal, and the general advertiser</subfield></datafield><datafield ind1=" " ind2=" " tag="260"><subfield code="a">New-York [N.Y.] :</subfield><subfield code="b">John Holt,</subfield><subfield code="c">1766-1782.</subfield></datafield><datafield ind1=" " ind2=" " tag="300"><subfield code="a">686 no. ;</subfield><subfield code="c">39 cm.</subfield></datafield><datafield ind1=" " ind2=" " tag="310"><subfield code="a">Weekly</subfield></datafield><datafield ind1="0" ind2=" " tag="362"><subfield code="a">No. 1241 (Oct. 16, 1766)-no. 1926 (Jan. 6, 1782).</subfield></datafield><datafield ind1=" " ind2=" " tag="500"><subfield code="a">Published at Kingston, N.Y., 1777-1778; at Poughkeepsie, N.Y., 1778-1782.</subfield></datafield><datafield ind1=" " ind2=" " tag="515"><subfield code="a">Suspended Oct. 13, 1777; resumed May 11, 1778. Suspended Nov. 6, 1780; resumed July 30, 1781.</subfield></datafield><datafield ind1=" " ind2=" " tag="525"><subfield code="a">Supplements accompany many issues.</subfield></datafield><datafield ind1=" " ind2=" " tag="580"><subfield code="a">Continues the newspaper that John Holt published May 6, 1762-Oct. 9, 1766 as: New-York gazette, or, The weekly post-boy. James Parker began his own newspaper on Oct. 16, 1766, continuing the title and numbering of that former newspaper.</subfield></datafield><datafield ind1=" " ind2=" " tag="533"><subfield code="a">Microopaque.</subfield><subfield code="m">1766:Oct. 16-1776:Aug. 29:[Gaps]</subfield><subfield code="b">New York, N.Y. :</subfield><subfield code="c">Readex Microprint,</subfield><subfield code="d">1975.</subfield><subfield code="e">71 microopaques ; 23 x 15 cm.</subfield><subfield code="f">(Early American newspapers).</subfield><subfield code="n">At bottom of cards: Courtesy of American Antiquarian Society ... Historical Society of Penn. ... The Library Company of Philadelphia.</subfield></datafield><datafield ind1=" " ind2="0" tag="651"><subfield code="a">New York (N.Y.)</subfield><subfield code="v">Newspapers.</subfield></datafield><datafield ind1=" " ind2="0" tag="651"><subfield code="a">New York County (N.Y.)</subfield><subfield code="v">Newspapers.</subfield></datafield><datafield ind1=" " ind2="0" tag="651"><subfield code="a">Kingston (N.Y.)</subfield><subfield code="v">Newspapers.</subfield></datafield><datafield ind1=" " ind2="0" tag="651"><subfield code="a">Ulster County (N.Y.)</subfield><subfield code="v">Newspapers.</subfield></datafield><datafield ind1=" " ind2="0" tag="651"><subfield code="a">Poughkeepsie (N.Y.)</subfield><subfield code="v">Newspapers.</subfield></datafield><datafield ind1=" " ind2="0" tag="651"><subfield code="a">Dutchess County (N.Y.)</subfield><subfield code="v">Newspapers.</subfield></datafield><datafield ind1=" " ind2="7" tag="655"><subfield code="a">Newspapers.</subfield><subfield code="2">fast</subfield><subfield code="0">(OCoLC)fst01423814</subfield></datafield><datafield ind1=" " ind2="7" tag="651"><subfield code="a">New York (State)</subfield><subfield code="z">Dutchess County.</subfield><subfield code="2">fast</subfield><subfield code="0">(OCoLC)fst01207498</subfield></datafield><datafield ind1=" " ind2="7" tag="651"><subfield code="a">New York (State)</subfield><subfield code="z">Kingston.</subfield><subfield code="2">fast</subfield><subfield code="0">(OCoLC)fst01208819</subfield></datafield><datafield ind1=" " ind2="7" tag="651"><subfield code="a">New York (State)</subfield><subfield code="z">New York.</subfield><subfield code="2">fast</subfield><subfield code="0">(OCoLC)fst01204333</subfield></datafield><datafield ind1=" " ind2="7" tag="651"><subfield code="a">New York (State)</subfield><subfield code="z">New York County.</subfield><subfield code="2">fast</subfield><subfield code="0">(OCoLC)fst01234953</subfield></datafield><datafield ind1=" " ind2="7" tag="651"><subfield code="a">New York (State)</subfield><subfield code="z">Poughkeepsie.</subfield><subfield code="2">fast</subfield><subfield code="0">(OCoLC)fst01214704</subfield></datafield><datafield ind1=" " ind2="7" tag="651"><subfield code="a">New York (State)</subfield><subfield code="z">Ulster County.</subfield><subfield code="2">fast</subfield><subfield code="0">(OCoLC)fst01207948</subfield></datafield><datafield ind1="2" ind2=" " tag="710"><subfield code="a">American Antiquarian Society.</subfield></datafield><datafield ind1="2" ind2=" " tag="710"><subfield code="a">Historical Society of Pennsylvania.</subfield></datafield><datafield ind1="2" ind2=" " tag="710"><subfield code="a">Library Company of Philadelphia.</subfield></datafield><datafield ind1=" " ind2=" " tag="752"><subfield code="a">United States</subfield><subfield code="b">New York</subfield><subfield code="c">Dutchess</subfield><subfield code="d">Poughkeepsie.</subfield></datafield><datafield ind1=" " ind2=" " tag="752"><subfield code="a">United States</subfield><subfield code="b">New York</subfield><subfield code="c">New York</subfield><subfield code="d">New York.</subfield></datafield><datafield ind1=" " ind2=" " tag="752"><subfield code="a">United States</subfield><subfield code="b">New York</subfield><subfield code="c">Ulster</subfield><subfield code="d">Kingston.</subfield></datafield><datafield ind1="1" ind2=" " tag="776"><subfield code="c">Original</subfield><subfield code="w">(DLC)sn 84024352</subfield><subfield code="w">(OCoLC)11238404</subfield></datafield><datafield ind1="0" ind2="1" tag="780"><subfield code="t">New York gazette, or The weekly post-boy (New York, N.Y. : 1762)</subfield></datafield><datafield ind1="0" ind2="0" tag="785"><subfield code="t">Independent New-York gazette</subfield></datafield><datafield ind1="0" ind2=" " tag="787"><subfield code="t">New-York gazette, or, The weekly post-boy (New York, N.Y. : 1766)</subfield></datafield><datafield ind1=" " ind2="0" tag="830"><subfield code="a">Early American newspapers.</subfield></datafield></record>